@misc{enwiki:1046320952,
    author = {Wikipedia-Contributors},
    title = {\href{https://en.wikipedia.org/wiki/Macintosh_operating_systems.html}{Macintosh operating systems- The Free Encyclopedia}},
    year = {2021 (accessed: 10-20-2021)}
}

@misc{HelloMacPic,
    author = {Computer-History-Museum},
    title = {\href{https://www.computerhistory.org/timeline/1984/}{Timeline of Computer History - Apple Computer launches the Macintosh}},
    year = {2021 (accessed: 10-22-2021)}
}

@misc{BeigeToster,
    author = {Chris O’Brien},
    title = {\href{https://www.stuff.co.nz/technology/gadgets/30013455/a-30-year-legacy-for-apples-mac}{A 30-year legacy for Apple's Mac}},
    year = {Jan 30 2014 (accessed: 10-22-2021)}
}

@misc{MacHardware,
    author = {history-computer.com},
    title = {\href{https://history-computer.com/products/macintosh-by-apple-complete-history-of-mac-computers/}{Macintosh by Apple – Complete History of Mac Computers}},
    year = {2021 (accessed: 10-22-2021)}
}

@misc{MacHistory,
    author = {Christoph Dernbach},
    title = {\href{https://www.mac-history.net/featured-2/2021-02-10/the-history-of-the-apple-macintosh}{The History of the Apple Macintosh}},
    year = {2021 (accessed: 10-20-2021)}
}

@misc{SuperBowlAd,  
    author = {Mac History},
    title = {\href{https://www.youtube.com/watch?v=VtvjbmoDx-I}},
    year = {2012 (accessed: 10-20-2021)}
}

@misc{MacAd,
    author = {Walmart.com},
    title = {\href{https://www.google.com/search?q=1984+apple+macintosh&rlz=1C1RXMK_enUS957US958&hl=en&sxsrf=AOaemvLD3kMf3Pf2jyeTPkRL2ZEch-G_Gg:1635293124328&source=lnms&tbm=isch&sa=X&ved=2ahUKEwjbq53OpenzAhUrmmoFHQjUAucQ_AUoAnoECAEQBA&biw=1280&bih=657&dpr=1.5}},
    year = {2021 (accessed: 10-26-2021)}
}

@misc{SoftwarePic,
    author = {Wikipedia-Contributors},
    title = {\href{https://en.wikipedia.org/wiki/Macintosh_operating_systems}{Macintosh operating systems - The Free Encyclopedia}},
    year = {2021 (accessed: 10-26-2021)}
  }